%% This BibTeX bibliography file was created using BibDesk.
%% http://bibdesk.sourceforge.net/

%% Created for T47 at 2018-01-29 22:37:48 +0900 


%% Saved with string encoding Unicode (UTF-8) 
@book{higashinaka2020python,
  title={Python でつくる対話システム},
  author={東中竜一郎 and 稲葉通将 and 水上雅博},
  year={2020},
  publisher={株式会社 オーム社}
}

@article{weizenbaum1966eliza,
  title={ELIZA—a computer program for the study of natural language communication between man and machine},
  author={Weizenbaum, Joseph},
  journal={Communications of the ACM},
  volume={9},
  number={1},
  pages={36--45},
  year={1966},
  publisher={ACM New York, NY, USA}
}

@article{winograd1971shrdlu,
  title={Procedures as a Representation for Data in Computer Program for Understanding Natural Language},
  author={Winograd, Terry},
  year={1971},
  publisher={MIT AI Technical Report 235}
}

@article{buchanan1984rule,
  title={Rule-based expert systems: the MYCIN experiments of the Stanford Heuristic Programming Project},
  author={Buchanan, Bruce G and Shortliffe, Edward H},
  year={1984},
  publisher={CUMINCAD}
}

@article{bobrow1977gus,
  title={GUS, a frame-driven dialog system},
  author={Bobrow, Daniel G and Kaplan, Ronald M and Kay, Martin and Norman, Donald A and Thompson, Henry and Winograd, Terry},
  journal={Artificial intelligence},
  volume={8},
  number={2},
  pages={155--173},
  year={1977},
  publisher={Elsevier}
}

@article{wu2020tod,
  title={TOD-BERT: pre-trained natural language understanding for task-oriented dialogue},
  author={Wu, Chien-Sheng and Hoi, Steven and Socher, Richard and Xiong, Caiming},
  journal={Proceedings of the 2020 Conference on Empirical Methods in Natural Language Processing},
  pages={917--929},
  year={2020}
}

@inproceedings{higsshinakalive,
  title={対話システムライブコンペティション 3},
  author={東中竜一郎 and 船越孝太郎 and 高橋哲朗 and 稲葉通将 and 角森唯子 and 赤間怜奈 and 宇佐美まゆみ and 川端良子 and 水上雅博 and 小室允人 and others},
  booktitle={人工知能学会研究会資料 言語・音声理解と対話処理研究会 90 回},
  pages={23},
  year={2020},
  organization={一般社団法人 人工知能学会}
}

@article{kikiyaku2012,
  title={聞き役対話の分析および分析に基づいた対話制御部の構築},
  author={目黒豊美 and 東中竜一郎 and 堂坂浩二 and 南泰浩 and others},
  journal={情報処理学会論文誌},
  volume={53},
  number={12},
  pages={2787--2801},
  year={2012}
}

@article{koreisya2000,
  title={対話ロボットを用いた高齢者コミュニケーション支援システムの開発},
  author={山本浩司 and 水谷研治 and 岩野腎二},
  journal={映像情報メディア学会誌},
  volume={54},
  number={6},
  pages={798--801},
  year={2000},
  publisher={一般社団法人 映像情報メディア学会}
}

@article{hitask2016,
  title={ユーザの嗜好や人間関係を考慮する非タスク指向型対話システム},
  author={小林峻也 and 萩原将文},
  journal={人工知能学会論文誌},
  pages={DSF--502},
  year={2016},
  publisher={一般社団法人 人工知能学会}
}

@article{shouo1996,
  title={語用論的・意味論的制約を用いた日本語ゼロ代名詞の文内照応解析},
  author={中岩浩巳 and 池原悟},
  journal={自然言語処理},
  volume={3},
  number={4},
  pages={49--65},
  year={1996},
  publisher={一般社団法人 言語処理学会}
}

@article{taiwashouo2003,
  title={対話システムにおけるプランベースの照応解析},
  author={徳永健伸 and 関谷幸恵 and 田中穂積 and others},
  journal={第 65 回全国大会講演論文集},
  volume={2003},
  number={1},
  pages={221--222},
  year={2003}
}

@article{challenge2015,
  title={対話破綻検出チャレンジ},
  author={東中竜一郎 and 船越孝太郎 and 小林優佳 and 稲葉通将 and others},
  journal={SIG-SLUD},
  volume={5},
  number={02},
  pages={27--32},
  year={2015}
}

@incollection{takeuchi:2017,
	Author = {竹内孔一},
	Booktitle = {コーパスと自然言語処理},
	Date-Added = {2018-01-25 11:38:37 +0000},
	Date-Modified = {2018-01-25 11:46:11 +0000},
	Editor = {松本裕治 and 奥村学},
	Pages = {94--113},
	Publisher = {朝倉書店},
	Title = {語彙概念と語彙概念構造},
	Year = {2017}
}